<record><leader>00000cas a2200000 a 4500</leader><controlfield tag="001">7954701</controlfield><controlfield tag="008">811125d19811982pauwr ne      0   a0eng d</controlfield><controlfield tag="009">467</controlfield><datafield ind1=" " ind2=" " tag="010"><subfield code="a">sn 81002351 </subfield></datafield><datafield ind1=" " ind2=" " tag="040"><subfield code="a">NSD</subfield><subfield code="b">eng</subfield><subfield code="c">NSD</subfield><subfield code="d">NPH</subfield><subfield code="d">OCL</subfield><subfield code="d">OCLCQ</subfield></datafield><datafield ind1=" " ind2=" " tag="012"><subfield code="m">1</subfield></datafield><datafield ind1="1" ind2=" " tag="022"><subfield code="a">0278-9965</subfield><subfield code="l">0278-9965</subfield><subfield code="2">1</subfield></datafield><datafield ind1=" " ind2=" " tag="032"><subfield code="a">604930</subfield><subfield code="b">USPS</subfield></datafield><datafield ind1=" " ind2=" " tag="042"><subfield code="a">nsdp</subfield></datafield><datafield ind1=" " ind2="4" tag="222"><subfield code="a">The Carbondale Mirror</subfield></datafield><datafield ind1="0" ind2="4" tag="245"><subfield code="a">The Carbondale mirror.</subfield></datafield><datafield ind1=" " ind2=" " tag="260"><subfield code="a">Carbondale, Pa. :</subfield><subfield code="b">Dale Boncare,</subfield><subfield code="c">1981-1982.</subfield></datafield><datafield ind1=" " ind2=" " tag="300"><subfield code="a">1 v. :</subfield><subfield code="b">ill. ;</subfield><subfield code="c">41-58 cm.</subfield></datafield><datafield ind1=" " ind2=" " tag="310"><subfield code="a">Weekly</subfield></datafield><datafield ind1="0" ind2=" " tag="362"><subfield code="a">Vol. 1, no. 1 (Aug. 19, 1981)-v. 1, no. 24 (Jan. 27, 1982).</subfield></datafield><datafield ind1=" " ind2=" " tag="752"><subfield code="a">United States</subfield><subfield code="b">Pennsylvania</subfield><subfield code="c">Lackawanna</subfield><subfield code="d">Carbondale.</subfield></datafield><datafield ind1="0" ind2="0" tag="785"><subfield code="t">Weekend mirror</subfield><subfield code="w">(DLC)sn 87080437</subfield></datafield><datafield ind1=" " ind2=" " tag="936"><subfield code="a">Sept. 16, 1981</subfield></datafield></record>